@book{khalil,
  title={Nonlinear systems},
  author={Khalil, Hassan},
  volume={3},
  year={2002},
  publisher={Prentice Hall}
}


@article{huan2016sequential,
  title={Sequential Bayesian optimal experimental design via approximate dynamic programming},
  author={Huan, Xun and Marzouk, Youssef M},
  journal={arXiv preprint arXiv:1604.08320},
  year={2016}
}

@book{grabert2006projection,
  title={Projection operator techniques in nonequilibrium statistical mechanics},
  author={Grabert, Hermann},
  volume={95},
  year={2006},
  publisher={Springer}
}

@article{hijon2010mori,
  title={Mori--Zwanzig formalism as a practical computational tool},
  author={Hij{\'o}n, Carmen and Espa{\~n}ol, Pep and Vanden-Eijnden, Eric and Delgado-Buscalioni, Rafael},
  journal={Faraday discussions},
  volume={144},
  pages={301--322},
  year={2010},
  publisher={Royal Society of Chemistry}
}

@article{zwanzig1961memory,
  title={Memory effects in irreversible thermodynamics},
  author={Zwanzig, Robert},
  journal={Physical Review},
  volume={124},
  number={4},
  pages={983},
  year={1961},
  publisher={APS}
}

@inproceedings{allmaras2012modifications,
  title={Modifications and clarifications for the implementation of the Spalart-Allmaras turbulence model},
  author={Allmaras, Steven R and Johnson, Forrester T},
  booktitle={Seventh international conference on computational fluid dynamics (ICCFD7)},
  volume={1902},
  year={2012},
  organization={Big Island, HI}
}

@article{yakhot1986renormalization,
  title={Renormalization group analysis of turbulence. I. Basic theory},
  author={Yakhot, Victor and Orszag, Steven A},
  journal={Journal of scientific computing},
  volume={1},
  number={1},
  pages={3--51},
  year={1986},
  publisher={Springer}
}

@article{smith1998renormalization,
  title={Renormalization-group analysis of turbulence},
  author={Smith, Leslie M and Woodruff, Stephen L},
  journal={Annual review of fluid mechanics},
  volume={30},
  number={1},
  pages={275--310},
  year={1998},
  publisher={Annual Reviews 4139 El Camino Way, PO Box 10139, Palo Alto, CA 94303-0139, USA}
}

@article{gentine2018could,
  title={Could machine learning break the convection parameterization deadlock?},
  author={Gentine, Pierre and Pritchard, Mike and Rasp, Stephan and Reinaudi, Gael and Yacalis, Galen},
  journal={Geophysical Research Letters},
  volume={45},
  number={11},
  pages={5742--5751},
  year={2018},
  publisher={Wiley Online Library}
}

@article{otto2019linearly,
  title={Linearly recurrent autoencoder networks for learning dynamics},
  author={Otto, Samuel E and Rowley, Clarence W},
  journal={SIAM Journal on Applied Dynamical Systems},
  volume={18},
  number={1},
  pages={558--593},
  year={2019},
  publisher={SIAM}
}

@article{lin2021data,
  title={Data-Driven Learning for the Mori--Zwanzig Formalism: A Generalization of the Koopman Learning Framework},
  author={Lin, Yen Ting and Tian, Yifeng and Livescu, Daniel and Anghel, Marian},
  journal={SIAM Journal on Applied Dynamical Systems},
  volume={20},
  number={4},
  pages={2558--2601},
  year={2021},
  publisher={SIAM}
}

@book{pavliotis2008multiscale,
  title={Multiscale methods: averaging and homogenization},
  author={Pavliotis, Grigoris and Stuart, Andrew},
  year={2008},
  publisher={Springer Science \& Business Media}
}